[gd_resource type="TileSet" load_steps=70 format=2]

[ext_resource path="res://maps/resources/atlas_masking.shader" type="Shader" id=1]
[ext_resource path="res://maps/resources/tile_mask.png" type="Texture" id=2]
[ext_resource path="res://maps/resources/GenericHP/gold_floor.tres" type="Texture" id=3]
[ext_resource path="res://maps/resources/GenericHP/gray_floor.tres" type="Texture" id=4]
[ext_resource path="res://maps/resources/YokaSqr/bridge_bottom_right_edge.tres" type="Texture" id=5]
[ext_resource path="res://maps/resources/atlas_masking_with_two_textures.shader" type="Shader" id=6]
[ext_resource path="res://maps/resources/GenericHP/top_right_edge.tres" type="Texture" id=7]
[ext_resource path="res://maps/resources/YokaSqr/upper_left_edge.tres" type="Texture" id=8]
[ext_resource path="res://maps/resources/YokaSqr/green_platform_floor1.tres" type="Texture" id=9]
[ext_resource path="res://maps/resources/YokaSqr/green_platform_floor2.tres" type="Texture" id=10]
[ext_resource path="res://maps/resources/YokaSqr/green_platform_floor3.tres" type="Texture" id=11]
[ext_resource path="res://maps/resources/YokaSqr/green_platform_floor4.tres" type="Texture" id=12]
[ext_resource path="res://maps/resources/YokaSqr/bridge_to_green_platform_bottom.tres" type="Texture" id=13]
[ext_resource path="res://maps/resources/YokaSqr/bridge_to_green_platform_top.tres" type="Texture" id=14]
[ext_resource path="res://maps/resources/atlas_masking_and_light_animation.shader" type="Shader" id=15]
[ext_resource path="res://maps/resources/GenericHP/edge_tile2.tres" type="Texture" id=16]
[ext_resource path="res://maps/resources/YokaSqr/green_platform_bottom_edge.tres" type="Texture" id=17]
[ext_resource path="res://maps/resources/YokaSqr/green_platform_left_corner.tres" type="Texture" id=18]
[ext_resource path="res://maps/resources/YokaSqr/green_platform_right_bottom_edge.tres" type="Texture" id=19]
[ext_resource path="res://maps/resources/YokaSqr/green_platform_upper_left_edge.tres" type="Texture" id=20]
[ext_resource path="res://maps/resources/YokaSqr/green_platform_upper_right_edge.tres" type="Texture" id=21]
[ext_resource path="res://maps/resources/YokaSqr/green_platform_bottom_right_corner.tres" type="Texture" id=22]
[ext_resource path="res://maps/resources/YokaSqr/green_platform_top_right_corner.tres" type="Texture" id=23]
[ext_resource path="res://maps/resources/GenericHP/edge_tile3.tres" type="Texture" id=24]
[ext_resource path="res://maps/resources/GenericHP/edge_tile1.tres" type="Texture" id=25]
[ext_resource path="res://maps/resources/GenericHP/edge_tile11.tres" type="Texture" id=26]
[ext_resource path="res://maps/resources/GenericHP/edge_tile10.tres" type="Texture" id=27]
[ext_resource path="res://maps/resources/GenericHP/top_left_edge.tres" type="Texture" id=28]
[ext_resource path="res://maps/resources/YokaSqr/bridge_floor.tres" type="Texture" id=29]

[sub_resource type="ShaderMaterial" id=1]

render_priority = 0
shader = ExtResource( 1 )
shader_param/atlas_position = PoolIntArray( 363, 73 )
shader_param/mask_texture = ExtResource( 2 )
_sections_unfolded = [ "shader_param" ]

[sub_resource type="ShaderMaterial" id=2]

render_priority = 0
shader = ExtResource( 1 )
shader_param/atlas_position = PoolIntArray( 363, 233 )
shader_param/mask_texture = ExtResource( 2 )
_sections_unfolded = [ "shader_param" ]

[sub_resource type="ShaderMaterial" id=3]

render_priority = 0
shader = ExtResource( 1 )
shader_param/atlas_position = PoolIntArray( 520, 345 )
shader_param/mask_texture = ExtResource( 2 )
_sections_unfolded = [ "shader_param" ]

[sub_resource type="SegmentShape2D" id=4]

custom_solver_bias = 0.0
a = Vector2( 1, -16 )
b = Vector2( -33, 1 )

[sub_resource type="ShaderMaterial" id=5]

render_priority = 0
shader = ExtResource( 6 )
shader_param/atlas_position = PoolIntArray( 427, 9 )
shader_param/background_atlas_position = PoolIntArray( 520, 345 )
shader_param/mask_texture = ExtResource( 2 )
shader_param/background_texture = ExtResource( 5 )
_sections_unfolded = [ "shader_param" ]

[sub_resource type="SegmentShape2D" id=6]

custom_solver_bias = 0.0
a = Vector2( -26, -4 )
b = Vector2( 4, 11 )

[sub_resource type="SegmentShape2D" id=7]

custom_solver_bias = 0.0
a = Vector2( 1, -16 )
b = Vector2( -25, -3 )

[sub_resource type="ShaderMaterial" id=8]

render_priority = 0
shader = ExtResource( 1 )
shader_param/atlas_position = PoolIntArray( 458, 312 )
shader_param/mask_texture = ExtResource( 2 )
_sections_unfolded = [ "shader_param" ]

[sub_resource type="SegmentShape2D" id=9]

custom_solver_bias = 0.0
a = Vector2( 34, -6 )
b = Vector2( -2, 12 )

[sub_resource type="ShaderMaterial" id=10]

render_priority = 0
shader = ExtResource( 6 )
shader_param/atlas_position = PoolIntArray( 427, 9 )
shader_param/background_atlas_position = PoolIntArray( 458, 312 )
shader_param/mask_texture = ExtResource( 2 )
shader_param/background_texture = ExtResource( 8 )
_sections_unfolded = [ "shader_param" ]

[sub_resource type="SegmentShape2D" id=11]

custom_solver_bias = 0.0
a = Vector2( -34, -8 )
b = Vector2( -2, 9 )

[sub_resource type="SegmentShape2D" id=12]

custom_solver_bias = 0.0
a = Vector2( 7, -18 )
b = Vector2( -25, -2 )

[sub_resource type="ShaderMaterial" id=13]

render_priority = 0
shader = ExtResource( 1 )
shader_param/atlas_position = PoolIntArray( 584, 313 )
shader_param/mask_texture = ExtResource( 2 )
_sections_unfolded = [ "shader_param" ]

[sub_resource type="ShaderMaterial" id=14]

render_priority = 0
shader = ExtResource( 1 )
shader_param/atlas_position = PoolIntArray( 552, 297 )
shader_param/mask_texture = ExtResource( 2 )
_sections_unfolded = [ "shader_param" ]

[sub_resource type="ShaderMaterial" id=15]

render_priority = 0
shader = ExtResource( 1 )
shader_param/atlas_position = PoolIntArray( 584, 281 )
shader_param/mask_texture = ExtResource( 2 )
_sections_unfolded = [ "shader_param" ]

[sub_resource type="ShaderMaterial" id=16]

render_priority = 0
shader = ExtResource( 1 )
shader_param/atlas_position = PoolIntArray( 552, 265 )
shader_param/mask_texture = ExtResource( 2 )
_sections_unfolded = [ "shader_param" ]

[sub_resource type="ShaderMaterial" id=17]

render_priority = 0
shader = ExtResource( 1 )
shader_param/atlas_position = PoolIntArray( 552, 329 )
shader_param/mask_texture = ExtResource( 2 )
_sections_unfolded = [ "shader_param" ]

[sub_resource type="SegmentShape2D" id=18]

custom_solver_bias = 0.0
a = Vector2( -1, -15 )
b = Vector2( -33, 1 )

[sub_resource type="SegmentShape2D" id=19]

custom_solver_bias = 0.0
a = Vector2( -1, -15 )
b = Vector2( 33, 1 )

[sub_resource type="ShaderMaterial" id=20]

render_priority = 0
shader = ExtResource( 1 )
shader_param/atlas_position = PoolIntArray( 488, 297 )
shader_param/mask_texture = ExtResource( 2 )
_sections_unfolded = [ "shader_param" ]

[sub_resource type="SegmentShape2D" id=21]

custom_solver_bias = 0.0
a = Vector2( 28, -3 )
b = Vector2( -2, 12 )

[sub_resource type="SegmentShape2D" id=22]

custom_solver_bias = 0.0
a = Vector2( -3, -17 )
b = Vector2( 25, -3 )

[sub_resource type="ShaderMaterial" id=23]

render_priority = 0
shader = ExtResource( 15 )
shader_param/atlas_position = PoolIntArray( 363, 393 )
shader_param/mask_offset = null
shader_param/animation_offset = null
shader_param/light_color_match1 = null
shader_param/light_color_match2 = null
shader_param/light_color_match3 = null
shader_param/light_color_match4 = null
shader_param/light_color = null
shader_param/light_color_off = null
shader_param/mask_texture = ExtResource( 2 )
_sections_unfolded = [ "shader_param" ]

[sub_resource type="ShaderMaterial" id=24]

render_priority = 0
shader = ExtResource( 1 )
shader_param/atlas_position = PoolIntArray( 584, 345 )
shader_param/mask_texture = ExtResource( 2 )
_sections_unfolded = [ "shader_param" ]

[sub_resource type="ShaderMaterial" id=25]

render_priority = 0
shader = ExtResource( 1 )
shader_param/atlas_position = PoolIntArray( 456, 281 )
shader_param/mask_texture = ExtResource( 2 )
_sections_unfolded = [ "shader_param" ]

[sub_resource type="ShaderMaterial" id=26]

render_priority = 0
shader = ExtResource( 1 )
shader_param/atlas_position = PoolIntArray( 616, 329 )
shader_param/mask_texture = ExtResource( 2 )
_sections_unfolded = [ "shader_param" ]

[sub_resource type="SegmentShape2D" id=27]

custom_solver_bias = 0.0
a = Vector2( 3, -17 )
b = Vector2( -33, 1 )

[sub_resource type="ShaderMaterial" id=28]

render_priority = 0
shader = ExtResource( 1 )
shader_param/atlas_position = PoolIntArray( 488, 265 )
shader_param/mask_texture = ExtResource( 2 )
_sections_unfolded = [ "shader_param" ]

[sub_resource type="ShaderMaterial" id=29]

render_priority = 0
shader = ExtResource( 1 )
shader_param/atlas_position = PoolIntArray( 616, 233 )
shader_param/mask_texture = ExtResource( 2 )
_sections_unfolded = [ "shader_param" ]

[sub_resource type="SegmentShape2D" id=30]

custom_solver_bias = 0.0
a = Vector2( -32, -7 )
b = Vector2( 4, 11 )

[sub_resource type="ShaderMaterial" id=31]

render_priority = 0
shader = ExtResource( 1 )
shader_param/atlas_position = PoolIntArray( 680, 297 )
shader_param/mask_texture = ExtResource( 2 )
_sections_unfolded = [ "shader_param" ]

[sub_resource type="ShaderMaterial" id=32]

render_priority = 0
shader = ExtResource( 1 )
shader_param/atlas_position = PoolIntArray( 712, 281 )
shader_param/mask_texture = ExtResource( 2 )
_sections_unfolded = [ "shader_param" ]

[sub_resource type="ShaderMaterial" id=33]

render_priority = 0
shader = ExtResource( 15 )
shader_param/atlas_position = PoolIntArray( 395, 377 )
shader_param/mask_offset = null
shader_param/animation_offset = null
shader_param/light_color_match1 = null
shader_param/light_color_match2 = null
shader_param/light_color_match3 = null
shader_param/light_color_match4 = null
shader_param/light_color = null
shader_param/light_color_off = null
shader_param/mask_texture = ExtResource( 2 )
_sections_unfolded = [ "Resource", "shader_param" ]

[sub_resource type="ShaderMaterial" id=34]

render_priority = 0
shader = ExtResource( 15 )
shader_param/atlas_position = PoolIntArray( 331, 377 )
shader_param/mask_offset = null
shader_param/animation_offset = null
shader_param/light_color_match1 = null
shader_param/light_color_match2 = null
shader_param/light_color_match3 = null
shader_param/light_color_match4 = null
shader_param/light_color = null
shader_param/light_color_off = null
shader_param/mask_texture = ExtResource( 2 )
_sections_unfolded = [ "shader_param" ]

[sub_resource type="SegmentShape2D" id=35]

custom_solver_bias = 0.0
a = Vector2( -3, -17 )
b = Vector2( 33, 1 )

[sub_resource type="ShaderMaterial" id=36]

render_priority = 0
shader = ExtResource( 15 )
shader_param/atlas_position = PoolIntArray( 747, 201 )
shader_param/mask_offset = null
shader_param/animation_offset = null
shader_param/light_color_match1 = null
shader_param/light_color_match2 = null
shader_param/light_color_match3 = null
shader_param/light_color_match4 = null
shader_param/light_color = null
shader_param/light_color_off = null
shader_param/mask_texture = ExtResource( 2 )
_sections_unfolded = [ "shader_param" ]

[sub_resource type="ShaderMaterial" id=37]

render_priority = 0
shader = ExtResource( 15 )
shader_param/atlas_position = PoolIntArray( 0, 201 )
shader_param/mask_offset = PoolIntArray( 21, 0 )
shader_param/animation_offset = null
shader_param/light_color_match1 = null
shader_param/light_color_match2 = null
shader_param/light_color_match3 = null
shader_param/light_color_match4 = null
shader_param/light_color = null
shader_param/light_color_off = null
shader_param/mask_texture = ExtResource( 2 )
_sections_unfolded = [ "shader_param" ]

[sub_resource type="ShaderMaterial" id=38]

render_priority = 0
shader = ExtResource( 1 )
shader_param/atlas_position = PoolIntArray( 11, 153 )
shader_param/mask_texture = ExtResource( 2 )
_sections_unfolded = [ "shader_param" ]

[sub_resource type="ShaderMaterial" id=39]

render_priority = 0
shader = ExtResource( 1 )
shader_param/atlas_position = PoolIntArray( 427, 9 )
shader_param/mask_texture = ExtResource( 2 )
_sections_unfolded = [ "shader_param" ]

[sub_resource type="ShaderMaterial" id=40]

render_priority = 0
shader = ExtResource( 1 )
shader_param/atlas_position = PoolIntArray( 488, 329 )
shader_param/mask_texture = ExtResource( 2 )
_sections_unfolded = [ "shader_param" ]

[resource]

0/name = "gold_floor"
0/texture = ExtResource( 3 )
0/tex_offset = Vector2( 0, 0 )
0/material = SubResource( 1 )
0/modulate = Color( 1, 1, 1, 1 )
0/region = Rect2( 0, 0, 64, 31 )
0/is_autotile = false
0/occluder_offset = Vector2( 32, 15.5 )
0/navigation_offset = Vector2( 32, 15.5 )
0/shapes = [  ]
1/name = "gray_floor"
1/texture = ExtResource( 4 )
1/tex_offset = Vector2( 0, 0 )
1/material = SubResource( 2 )
1/modulate = Color( 1, 1, 1, 1 )
1/region = Rect2( 0, 0, 64, 31 )
1/is_autotile = false
1/occluder_offset = Vector2( 32, 15.5 )
1/navigation_offset = Vector2( 32, 15.5 )
1/shapes = [  ]
2/name = "edge_tile_bottom_corner"
2/texture = ExtResource( 16 )
2/tex_offset = Vector2( 0, 0 )
2/material = SubResource( 23 )
2/modulate = Color( 1, 1, 1, 1 )
2/region = Rect2( 0, 0, 64, 23 )
2/is_autotile = false
2/occluder_offset = Vector2( 32, 11.5 )
2/navigation_offset = Vector2( 32, 11.5 )
2/shapes = [  ]
3/name = "edge_tile_bottom_right"
3/texture = ExtResource( 24 )
3/tex_offset = Vector2( 0, 0 )
3/material = SubResource( 33 )
3/modulate = Color( 1, 1, 1, 1 )
3/region = Rect2( 0, 0, 64, 31 )
3/is_autotile = false
3/occluder_offset = Vector2( 32, 15.5 )
3/navigation_offset = Vector2( 32, 15.5 )
3/shapes = [ {
"autotile_coord": Vector2( 0, 0 ),
"one_way": false,
"shape": SubResource( 27 ),
"shape_transform": Transform2D( 1, 0, 0, 1, 32, 15.5 )
} ]
4/name = "edge_tile_bottom_left"
4/texture = ExtResource( 25 )
4/tex_offset = Vector2( 0, 0 )
4/material = SubResource( 34 )
4/modulate = Color( 1, 1, 1, 1 )
4/region = Rect2( 0, 0, 64, 31 )
4/is_autotile = false
4/occluder_offset = Vector2( 32, 15.5 )
4/navigation_offset = Vector2( 32, 15.5 )
4/shapes = [ {
"autotile_coord": Vector2( 0, 0 ),
"one_way": false,
"shape": SubResource( 35 ),
"shape_transform": Transform2D( 1, 0, 0, 1, 32, 15.5 )
} ]
5/name = "edge_tile_right"
5/texture = ExtResource( 26 )
5/tex_offset = Vector2( 0, 0 )
5/material = SubResource( 36 )
5/modulate = Color( 1, 1, 1, 1 )
5/region = Rect2( 0, 0, 45, 31 )
5/is_autotile = false
5/occluder_offset = Vector2( 22.5, 15.5 )
5/navigation_offset = Vector2( 22.5, 15.5 )
5/shapes = [ {
"autotile_coord": Vector2( 0, 0 ),
"one_way": false,
"shape": SubResource( 27 ),
"shape_transform": Transform2D( 1, 0, 0, 1, 32, 15.5 )
} ]
6/name = "edge_tile_left"
6/texture = ExtResource( 27 )
6/tex_offset = Vector2( 21, 0 )
6/material = SubResource( 37 )
6/modulate = Color( 1, 1, 1, 1 )
6/region = Rect2( 0, 0, 43, 31 )
6/is_autotile = false
6/occluder_offset = Vector2( 21.5, 15.5 )
6/navigation_offset = Vector2( 21.5, 15.5 )
6/shapes = [ {
"autotile_coord": Vector2( 0, 0 ),
"one_way": false,
"shape": SubResource( 35 ),
"shape_transform": Transform2D( 1, 0, 0, 1, 32, 15.5 )
} ]
7/name = "edge_tile_upper_left"
7/texture = ExtResource( 28 )
7/tex_offset = Vector2( 0, 0 )
7/material = SubResource( 38 )
7/modulate = Color( 1, 1, 1, 1 )
7/region = Rect2( 0, 0, 64, 31 )
7/is_autotile = false
7/occluder_offset = Vector2( 32, 15.5 )
7/navigation_offset = Vector2( 32, 15.5 )
7/shapes = [ {
"autotile_coord": Vector2( 0, 0 ),
"one_way": false,
"shape": SubResource( 9 ),
"shape_transform": Transform2D( 1, 0, 0, 1, 29, 15.5 )
} ]
8/name = "edge_tile_upper_right"
8/texture = ExtResource( 7 )
8/tex_offset = Vector2( 0, 0 )
8/material = SubResource( 39 )
8/modulate = Color( 1, 1, 1, 1 )
8/region = Rect2( 0, 0, 64, 31 )
8/is_autotile = false
8/occluder_offset = Vector2( 32, 15.5 )
8/navigation_offset = Vector2( 32, 15.5 )
8/shapes = [ {
"autotile_coord": Vector2( 0, 0 ),
"one_way": false,
"shape": SubResource( 30 ),
"shape_transform": Transform2D( 1, 0, 0, 1, 33, 16.5 )
} ]
9/name = "bridge_floor"
9/texture = ExtResource( 29 )
9/tex_offset = Vector2( 0, 0 )
9/material = SubResource( 40 )
9/modulate = Color( 1, 1, 1, 1 )
9/region = Rect2( 0, 0, 64, 31 )
9/is_autotile = false
9/occluder_offset = Vector2( 32, 15.5 )
9/navigation_offset = Vector2( 32, 15.5 )
9/shapes = [  ]
10/name = "bridge_right_bottom_edge"
10/texture = ExtResource( 5 )
10/tex_offset = Vector2( 0, 0 )
10/material = SubResource( 3 )
10/modulate = Color( 1, 1, 1, 1 )
10/region = Rect2( 0, 0, 64, 31 )
10/is_autotile = false
10/occluder_offset = Vector2( 32, 15.5 )
10/navigation_offset = Vector2( 32, 15.5 )
10/shapes = [ {
"autotile_coord": Vector2( 0, 0 ),
"one_way": false,
"shape": SubResource( 4 ),
"shape_transform": Transform2D( 1, 0, 0, 1, 32, 15.5 )
} ]
11/name = "edge_tile_upper_right_to_bridge"
11/texture = ExtResource( 7 )
11/tex_offset = Vector2( 0, 0 )
11/material = SubResource( 5 )
11/modulate = Color( 1, 1, 1, 1 )
11/region = Rect2( 0, 0, 64, 31 )
11/is_autotile = false
11/occluder_offset = Vector2( 32, 15.5 )
11/navigation_offset = Vector2( 32, 15.5 )
11/shapes = [ {
"autotile_coord": Vector2( 0, 0 ),
"one_way": false,
"shape": SubResource( 6 ),
"shape_transform": Transform2D( 1, 0, 0, 1, 33, 16.5 )
}, {
"autotile_coord": Vector2( 0, 0 ),
"one_way": false,
"shape": SubResource( 7 ),
"shape_transform": Transform2D( 1, 0, 0, 1, 32, 15.5 )
} ]
12/name = "bridge_upper_left_edge"
12/texture = ExtResource( 8 )
12/tex_offset = Vector2( 0, 0 )
12/material = SubResource( 8 )
12/modulate = Color( 1, 1, 1, 1 )
12/region = Rect2( 0, 0, 64, 31 )
12/is_autotile = false
12/occluder_offset = Vector2( 32, 15.5 )
12/navigation_offset = Vector2( 32, 15.5 )
12/shapes = [ {
"autotile_coord": Vector2( 0, 0 ),
"one_way": false,
"shape": SubResource( 9 ),
"shape_transform": Transform2D( 1, 0, 0, 1, 29, 15.5 )
} ]
13/name = "edge_tile_upper_right_to_bridge_upper"
13/texture = ExtResource( 7 )
13/tex_offset = Vector2( 0, 0 )
13/material = SubResource( 10 )
13/modulate = Color( 1, 1, 1, 1 )
13/region = Rect2( 0, 0, 64, 31 )
13/is_autotile = false
13/occluder_offset = Vector2( 32, 15.5 )
13/navigation_offset = Vector2( 32, 15.5 )
13/shapes = [ {
"autotile_coord": Vector2( 0, 0 ),
"one_way": false,
"shape": SubResource( 11 ),
"shape_transform": Transform2D( 1, 0, 0, 1, 33, 16.5 )
}, {
"autotile_coord": Vector2( 0, 0 ),
"one_way": false,
"shape": SubResource( 12 ),
"shape_transform": Transform2D( 1, 0, 0, 1, 56, 27.5 )
} ]
14/name = "green_platform_floor1"
14/texture = ExtResource( 9 )
14/tex_offset = Vector2( 0, 0 )
14/material = SubResource( 13 )
14/modulate = Color( 1, 1, 1, 1 )
14/region = Rect2( 0, 0, 64, 31 )
14/is_autotile = false
14/occluder_offset = Vector2( 32, 15.5 )
14/navigation_offset = Vector2( 32, 15.5 )
14/shapes = [  ]
15/name = "green_platform_floor2"
15/texture = ExtResource( 10 )
15/tex_offset = Vector2( 0, 0 )
15/material = SubResource( 14 )
15/modulate = Color( 1, 1, 1, 1 )
15/region = Rect2( 0, 0, 64, 31 )
15/is_autotile = false
15/occluder_offset = Vector2( 32, 15.5 )
15/navigation_offset = Vector2( 32, 15.5 )
15/shapes = [  ]
16/name = "green_platform_floor3"
16/texture = ExtResource( 11 )
16/tex_offset = Vector2( 0, 0 )
16/material = SubResource( 15 )
16/modulate = Color( 1, 1, 1, 1 )
16/region = Rect2( 0, 0, 64, 31 )
16/is_autotile = false
16/occluder_offset = Vector2( 32, 15.5 )
16/navigation_offset = Vector2( 32, 15.5 )
16/shapes = [  ]
17/name = "green_platform_floor4"
17/texture = ExtResource( 12 )
17/tex_offset = Vector2( 0, 0 )
17/material = SubResource( 16 )
17/modulate = Color( 1, 1, 1, 1 )
17/region = Rect2( 0, 0, 64, 31 )
17/is_autotile = false
17/occluder_offset = Vector2( 32, 15.5 )
17/navigation_offset = Vector2( 32, 15.5 )
17/shapes = [  ]
18/name = "bridge_to_green_platform_bottom"
18/texture = ExtResource( 13 )
18/tex_offset = Vector2( 0, 0 )
18/material = SubResource( 17 )
18/modulate = Color( 1, 1, 1, 1 )
18/region = Rect2( 0, 0, 64, 31 )
18/is_autotile = false
18/occluder_offset = Vector2( 32, 15.5 )
18/navigation_offset = Vector2( 32, 15.5 )
18/shapes = [ {
"autotile_coord": Vector2( 0, 0 ),
"one_way": false,
"shape": SubResource( 18 ),
"shape_transform": Transform2D( 1, 0, 0, 1, 32, 15.5 )
}, {
"autotile_coord": Vector2( 0, 0 ),
"one_way": false,
"shape": SubResource( 19 ),
"shape_transform": Transform2D( 1, 0, 0, 1, 32, 15.5 )
} ]
19/name = "bridge_to_green_platform_top"
19/texture = ExtResource( 14 )
19/tex_offset = Vector2( 0, 0 )
19/material = SubResource( 20 )
19/modulate = Color( 1, 1, 1, 1 )
19/region = Rect2( 0, 0, 64, 31 )
19/is_autotile = false
19/occluder_offset = Vector2( 32, 15.5 )
19/navigation_offset = Vector2( 32, 15.5 )
19/shapes = [ {
"autotile_coord": Vector2( 0, 0 ),
"one_way": false,
"shape": SubResource( 21 ),
"shape_transform": Transform2D( 1, 0, 0, 1, 29, 15.5 )
}, {
"autotile_coord": Vector2( 0, 0 ),
"one_way": false,
"shape": SubResource( 22 ),
"shape_transform": Transform2D( 1, 0, 0, 1, 32, 15.5 )
} ]
20/name = "green_platform_bottom_edge"
20/texture = ExtResource( 17 )
20/tex_offset = Vector2( 0, 0 )
20/material = SubResource( 24 )
20/modulate = Color( 1, 1, 1, 1 )
20/region = Rect2( 0, 0, 64, 31 )
20/is_autotile = false
20/occluder_offset = Vector2( 32, 15.5 )
20/navigation_offset = Vector2( 32, 15.5 )
20/shapes = [  ]
21/name = "green_platform_left_corner"
21/texture = ExtResource( 18 )
21/tex_offset = Vector2( 0, 0 )
21/material = SubResource( 25 )
21/modulate = Color( 1, 1, 1, 1 )
21/region = Rect2( 0, 0, 64, 31 )
21/is_autotile = false
21/occluder_offset = Vector2( 32, 15.5 )
21/navigation_offset = Vector2( 32, 15.5 )
21/shapes = [  ]
22/name = "green_platform_bottom_right_edge"
22/texture = ExtResource( 19 )
22/tex_offset = Vector2( 0, 0 )
22/material = SubResource( 26 )
22/modulate = Color( 1, 1, 1, 1 )
22/region = Rect2( 0, 0, 64, 31 )
22/is_autotile = false
22/occluder_offset = Vector2( 32, 15.5 )
22/navigation_offset = Vector2( 32, 15.5 )
22/shapes = [ {
"autotile_coord": Vector2( 0, 0 ),
"one_way": false,
"shape": SubResource( 27 ),
"shape_transform": Transform2D( 1, 0, 0, 1, 32, 15.5 )
} ]
23/name = "green_platform_upper_left_edge"
23/texture = ExtResource( 20 )
23/tex_offset = Vector2( 0, 0 )
23/material = SubResource( 28 )
23/modulate = Color( 1, 1, 1, 1 )
23/region = Rect2( 0, 0, 64, 31 )
23/is_autotile = false
23/occluder_offset = Vector2( 32, 15.5 )
23/navigation_offset = Vector2( 32, 15.5 )
23/shapes = [ {
"autotile_coord": Vector2( 0, 0 ),
"one_way": false,
"shape": SubResource( 9 ),
"shape_transform": Transform2D( 1, 0, 0, 1, 29, 15.5 )
} ]
24/name = "green_platform_upper_right_edge"
24/texture = ExtResource( 21 )
24/tex_offset = Vector2( 0, 0 )
24/material = SubResource( 29 )
24/modulate = Color( 1, 1, 1, 1 )
24/region = Rect2( 0, 0, 64, 31 )
24/is_autotile = false
24/occluder_offset = Vector2( 32, 15.5 )
24/navigation_offset = Vector2( 32, 15.5 )
24/shapes = [ {
"autotile_coord": Vector2( 0, 0 ),
"one_way": false,
"shape": SubResource( 30 ),
"shape_transform": Transform2D( 1, 0, 0, 1, 33, 16.5 )
} ]
25/name = "green_platform_bottom_right_corner"
25/texture = ExtResource( 22 )
25/tex_offset = Vector2( 0, 0 )
25/material = SubResource( 31 )
25/modulate = Color( 1, 1, 1, 1 )
25/region = Rect2( 0, 0, 64, 31 )
25/is_autotile = false
25/occluder_offset = Vector2( 32, 15.5 )
25/navigation_offset = Vector2( 32, 15.5 )
25/shapes = [ {
"autotile_coord": Vector2( 0, 0 ),
"one_way": false,
"shape": SubResource( 27 ),
"shape_transform": Transform2D( 1, 0, 0, 1, 32, 15.5 )
} ]
26/name = "green_platform_top_right_corner"
26/texture = ExtResource( 23 )
26/tex_offset = Vector2( 0, 0 )
26/material = SubResource( 32 )
26/modulate = Color( 1, 1, 1, 1 )
26/region = Rect2( 0, 0, 64, 31 )
26/is_autotile = false
26/occluder_offset = Vector2( 32, 15.5 )
26/navigation_offset = Vector2( 32, 15.5 )
26/shapes = [  ]

