[gd_scene load_steps=10 format=2]

[ext_resource path="res://NPCs/Programs/mugshot/MrProg1.tres" type="Texture" id=1]
[ext_resource path="res://NPCs/Programs/mugshot/MrProgMugshot.gd" type="Script" id=2]
[ext_resource path="res://NPCs/Programs/mugshot/MrProg_idle1.tres" type="Texture" id=3]
[ext_resource path="res://NPCs/Programs/mugshot/MrProg_idle2.tres" type="Texture" id=4]
[ext_resource path="res://NPCs/Programs/mugshot/MrProg3.tres" type="Texture" id=5]
[ext_resource path="res://NPCs/Programs/mugshot/MrProg2.tres" type="Texture" id=6]

[sub_resource type="Animation" id=1]

resource_name = "idle"
length = 1.8
loop = true
step = 0.0
tracks/0/type = "value"
tracks/0/path = NodePath(".:texture")
tracks/0/interp = 1
tracks/0/loop_wrap = true
tracks/0/imported = false
tracks/0/enabled = true
tracks/0/keys = {
"times": PoolRealArray( 0, 1.666, 1.683, 1.766 ),
"transitions": PoolRealArray( 1, 1, 1, 1 ),
"update": 1,
"values": [ ExtResource( 1 ), ExtResource( 3 ), ExtResource( 4 ), ExtResource( 3 ) ]
}

[sub_resource type="Animation" id=2]

resource_name = "saying_word"
length = 0.22
loop = true
step = 0.0
tracks/0/type = "value"
tracks/0/path = NodePath(".:texture")
tracks/0/interp = 1
tracks/0/loop_wrap = true
tracks/0/imported = false
tracks/0/enabled = true
tracks/0/keys = {
"times": PoolRealArray( 0, 0.1 ),
"transitions": PoolRealArray( 1, 1 ),
"update": 1,
"values": [ ExtResource( 1 ), ExtResource( 5 ) ]
}

[sub_resource type="Animation" id=3]

length = 0.12
loop = false
step = 0.0
tracks/0/type = "value"
tracks/0/path = NodePath(".:texture")
tracks/0/interp = 1
tracks/0/loop_wrap = true
tracks/0/imported = false
tracks/0/enabled = true
tracks/0/keys = {
"times": PoolRealArray( 0 ),
"transitions": PoolRealArray( 1 ),
"update": 1,
"values": [ ExtResource( 6 ) ]
}

[node name="MrProgMugshot" type="TextureRect" index="0"]

anchor_left = 0.0
anchor_top = 0.0
anchor_right = 0.0
anchor_bottom = 0.0
margin_right = 40.0
margin_bottom = 40.0
rect_pivot_offset = Vector2( 0, 0 )
rect_clip_content = false
mouse_filter = 1
mouse_default_cursor_shape = 0
size_flags_horizontal = 1
size_flags_vertical = 1
texture = ExtResource( 1 )
stretch_mode = 0
script = ExtResource( 2 )

[node name="AnimationPlayer" type="AnimationPlayer" parent="." index="0"]

root_node = NodePath("..")
autoplay = ""
playback_process_mode = 1
playback_default_blend_time = 0.0
playback_speed = 1.0
anims/idle = SubResource( 1 )
anims/saying_word = SubResource( 2 )
anims/start_word = SubResource( 3 )
blend_times = [  ]


